@article{Amir2017,
  doi = {10.1128/msystems.00191-16},
  url = {https://doi.org/10.1128/msystems.00191-16},
  year = {2017},
  month = mar,
  publisher = {American Society for Microbiology},
  volume = {2},
  number = {2},
  author = {Amnon Amir and Daniel McDonald and Jose A. Navas-Molina and Evguenia Kopylova and James T. Morton and Zhenjiang Zech Xu and Eric P. Kightley and Luke R. Thompson and Embriette R. Hyde and Antonio Gonzalez and Rob Knight},
  editor = {Jack A. Gilbert},
  title = {Deblur Rapidly Resolves Single-Nucleotide Community Sequence Patterns},
  journal = {{mSystems}}
}

@article{Anderson2001,
  doi = {10.1111/j.1442-9993.2001.01070.pp.x},
  url = {https://doi.org/10.1111/j.1442-9993.2001.01070.pp.x},
  year = {2001},
  month = feb,
  publisher = {Wiley},
  volume = {26},
  number = {1},
  pages = {32--46},
  author = {Marti J. Anderson},
  title = {A new method for non-parametric multivariate analysis of variance},
  journal = {Austral Ecology}
}

@article{Baxter2014,
  doi = {10.1128/aem.02303-14},
  url = {https://doi.org/10.1128/aem.02303-14},
  year = {2014},
  month = oct,
  publisher = {American Society for Microbiology},
  volume = {81},
  number = {1},
  pages = {396--404},
  author = {Nielson T. Baxter and Judy J. Wan and Alyxandria M. Schubert and Matthew L. Jenior and Philip Myers and Patrick D. Schloss},
  editor = {K. E. Wommack},
  title = {Intra- and Interindividual Variations Mask Interspecies Variation in the Microbiota of Sympatric Peromyscus Populations},
  journal = {Applied and Environmental Microbiology}
}

@article{Baxter2016,
  doi = {10.1186/s13073-016-0290-3},
  url = {https://doi.org/10.1186/s13073-016-0290-3},
  year  = {2016},
  month = {apr},
  publisher = {Springer Nature},
  volume = {8},
  number = {1},
  author = {Nielson T. Baxter and Mack T. Ruffin and Mary A. M. Rogers and Patrick D. Schloss},
  title = {Microbiota-based model improves the sensitivity of fecal immunochemical test for detecting colonic lesions},
  journal = {Genome Medicine}
}

@article{Beall2015,
  doi = {10.1111/1462-2920.12819},
  url = {https://doi.org/10.1111/1462-2920.12819},
  year = {2015},
  month = mar,
  publisher = {Wiley},
  volume = {18},
  number = {6},
  pages = {1704--1719},
  author = {B. F. N. Beall and M. R. Twiss and D. E. Smith and B. O. Oyserman and M. J. Rozmarynowycz and C. E. Binding and R. A. Bourbonniere and G. S. Bullerjahn and M. E. Palmer and E. D. Reavie and LCDR M. K. Waters and LCDR W. C. Woityra and R. M. L. McKay},
  title = {Ice cover extent drives phytoplankton and bacterial community structure in a large north-temperate lake: implications for a warming climate},
  journal = {Environmental Microbiology}
}

@article{Bokulich2013,
  doi = {10.1038/nmeth.2276},
  url = {https://doi.org/10.1038/nmeth.2276},
  year = {2013},
  month = jan,
  publisher = {Springer Science and Business Media {LLC}},
  volume = {10},
  number = {1},
  pages = {57--59},
  author = {Nicholas A Bokulich and Sathish Subramanian and Jeremiah J Faith and Dirk Gevers and Jeffrey I Gordon and Rob Knight and David A Mills and J Gregory Caporaso},
  title = {Quality-filtering vastly improves diversity estimates from Illumina amplicon sequencing},
  journal = {Nature Methods}
}

@article{Callahan2016,
  doi = {10.1038/nmeth.3869},
  url = {https://doi.org/10.1038/nmeth.3869},
  year = {2016},
  month = may,
  publisher = {Springer Science and Business Media {LLC}},
  volume = {13},
  number = {7},
  pages = {581--583},
  author = {Benjamin J Callahan and Paul J McMurdie and Michael J Rosen and Andrew W Han and Amy Jo A Johnson and Susan P Holmes},
  title = {{DADA}2: High-resolution sample inference from Illumina amplicon data},
  journal = {Nature Methods}
}

@article{Edgar2011,
  doi = {10.1093/bioinformatics/btr381},
  url = {https://doi.org/10.1093/bioinformatics/btr381},
  year = {2011},
  month = jun,
  publisher = {Oxford University Press ({OUP})},
  volume = {27},
  number = {16},
  pages = {2194--2200},
  author = {Robert C. Edgar and Brian J. Haas and Jose C. Clemente and Christopher Quince and Rob Knight},
  title = {{UCHIME} improves sensitivity and speed of chimera detection},
  journal = {Bioinformatics}
}

@article{Edgar2016,
  doi = {10.1101/081257},
  url = {https://doi.org/10.1101/081257},
  year = {2016},
  month = oct,
  publisher = {Cold Spring Harbor Laboratory},
  author = {Robert C. Edgar},
  title = {{UNOISE}2: improved error-correction for Illumina 16S and {ITS} amplicon sequencing},
  journal = {bio{R}xiv}
}

@article{Edwards2015,
  doi = {10.1073/pnas.1414592112},
  url = {https://doi.org/10.1073/pnas.1414592112},
  year = {2015},
  month = jan,
  publisher = {Proceedings of the National Academy of Sciences},
  volume = {112},
  number = {8},
  pages = {E911--E920},
  author = {Joseph Edwards and Cameron Johnson and Christian Santos-Medell{\'i}n and Eugene Lurie and Natraj Kumar Podishetty and Srijak Bhatnagar and Jonathan A. Eisen and Venkatesan Sundaresan},
  title = {Structure,  variation,  and assembly of the root-associated microbiomes of rice},
  journal = {Proceedings of the National Academy of Sciences}
}

@article{Ettinger2017,
  doi = {10.7717/peerj.3674},
  url = {https://doi.org/10.7717/peerj.3674},
  year = {2017},
  month = aug,
  publisher = {{PeerJ}},
  volume = {5},
  pages = {e3674},
  author = {Cassandra L. Ettinger and Susan L. Williams and Jessica M. Abbott and John J. Stachowicz and Jonathan A. Eisen},
  title = {Microbiome succession during ammonification in eelgrass bed sediments},
  journal = {{PeerJ}}
}

@article{Fadrosh2014,
  doi = {10.1186/2049-2618-2-6},
  url = {https://doi.org/10.1186/2049-2618-2-6},
  year = {2014},
  publisher = {Springer Science and Business Media {LLC}},
  volume = {2},
  number = {1},
  pages = {6},
  author = {Douglas W Fadrosh and Bing Ma and Pawel Gajer and Naomi Sengamalay and Sandra Ott and Rebecca M Brotman and Jacques Ravel},
  title = {An improved dual-indexing approach for multiplexed 16S {rRNA} gene sequencing on the Illumina {MiSeq} platform},
  journal = {Microbiome}
}

@article{Graw2018,
  doi = {10.3389/fmicb.2018.00729},
  url = {https://doi.org/10.3389/fmicb.2018.00729},
  year = {2018},
  month = apr,
  publisher = {Frontiers Media {SA}},
  volume = {9},
  author = {Michael F. Graw and Grace D{\textquotesingle}Angelo and Matthew Borchers and Andrew R. Thurber and Joel E. Johnson and Chuanlun Zhang and Haodong Liu and Frederick S. Colwell},
  title = {Energy Gradients Structure Microbial Communities Across Sediment Horizons in Deep Marine Sediments of the South China Sea},
  journal = {Frontiers in Microbiology}
}

@article{Henson2016,
  doi = {10.1128/msphere.00028-16},
  url = {https://doi.org/10.1128/msphere.00028-16},
  year = {2016},
  month = apr,
  publisher = {American Society for Microbiology},
  volume = {1},
  number = {2},
  author = {Michael W. Henson and David M. Pitre and Jessica Lee Weckhorst and V. Celeste Lanclos and Austen T. Webber and J. Cameron Thrash},
  editor = {Steven J. Hallam},
  title = {Artificial Seawater Media Facilitate Cultivating Members of the Microbial Majority from the Gulf of Mexico},
  journal = {{mSphere}}
}

@article{Holm2019,
  doi = {10.1128/msystems.00029-19},
  url = {https://doi.org/10.1128/msystems.00029-19},
  year = {2019},
  month = feb,
  publisher = {American Society for Microbiology},
  volume = {4},
  number = {1},
  author = {Johanna B. Holm and Michael S. Humphrys and Courtney K. Robinson and Matthew L. Settles and Sandra Ott and Li Fu and Hongqiu Yang and Pawel Gajer and Xin He and Elias McComb and Patti E. Gravitt and Khalil G. Ghanem and Rebecca M. Brotman and Jacques Ravel},
  editor = {Josh D. Neufeld},
  title = {Ultrahigh-Throughput Multiplexing and Sequencing of $>$500-Base-Pair Amplicon Regions on the {Illumina} {HiSeq} 2500 Platform},
  journal = {{mSystems}}
}

@article{Huse2010,
  doi = {10.1111/j.1462-2920.2010.02193.x},
  url = {https://doi.org/10.1111/j.1462-2920.2010.02193.x},
  year = {2010},
  month = mar,
  publisher = {Wiley},
  volume = {12},
  number = {7},
  pages = {1889--1898},
  author = {Susan M. Huse and David Mark Welch and Hilary G. Morrison and Mitchell L. Sogin},
  title = {Ironing out the wrinkles in the rare biosphere through improved {OTU} clustering},
  journal = {Environmental Microbiology}
}

@article{Johnston2016,
  doi = {10.3389/fmicb.2016.00579},
  url = {https://doi.org/10.3389/fmicb.2016.00579},
  year = {2016},
  month = apr,
  publisher = {Frontiers Media {SA}},
  volume = {7},
  author = {Eric R. Johnston and Luis M. Rodriguez-R and Chengwei Luo and Mengting M. Yuan and Liyou Wu and Zhili He and Edward A. G. Schuur and Yiqi Luo and James M. Tiedje and Jizhong Zhou and Konstantinos T. Konstantinidis},
  title = {Metagenomics Reveals Pervasive Bacterial Populations and Reduced Community Diversity across the Alaska Tundra Ecosystem},
  journal = {Frontiers in Microbiology}
}

@article{Haas2011,
  doi = {10.1101/gr.112730.110},
  url = {https://doi.org/10.1101/gr.112730.110},
  year = {2011},
  month = jan,
  publisher = {Cold Spring Harbor Laboratory},
  volume = {21},
  number = {3},
  pages = {494--504},
  author = {Brian J. Haas and Dirk Gevers and Ashlee M. Earl and Mike Feldgarden and Doyle V. Ward and Georgia Giannoukos and Dawn Ciulla and Diana Tabbaa and Sarah K. Highlander and Erica Sodergren and Barbara Meth{\'{e}} and Todd Z. DeSantis and Joseph F. Petrosino and Rob Knight and Bruce W. Birren and},
  title = {Chimeric 16S {rRNA} sequence formation and detection in Sanger and 454-pyrosequenced {PCR} amplicons},
  journal = {Genome Research}
}

@article{Hassell2018,
  doi = {10.1111/1462-2920.14311},
  url = {https://doi.org/10.1111/1462-2920.14311},
  year = {2018},
  month = sep,
  publisher = {Wiley},
  volume = {20},
  number = {10},
  pages = {3560--3572},
  author = {Norman Hassell and Kara A. Tinker and Thomas Moore and Elizabeth A. Ottesen},
  title = {Temporal and spatial dynamics in microbial community composition within a temperate stream network},
  journal = {Environmental Microbiology}
}

@article{Knight2018,
  doi = {10.1038/s41579-018-0029-9},
  url = {https://doi.org/10.1038/s41579-018-0029-9},
  year = {2018},
  month = may,
  publisher = {Springer Science and Business Media {LLC}},
  volume = {16},
  number = {7},
  pages = {410--422},
  author = {Rob Knight and Alison Vrbanac and Bryn C. Taylor and Alexander Aksenov and Chris Callewaert and Justine Debelius and Antonio Gonzalez and Tomasz Kosciolek and Laura-Isobel McCall and Daniel McDonald and Alexey V. Melnik and James T. Morton and Jose Navas and Robert A. Quinn and Jon G. Sanders and Austin D. Swafford and Luke R. Thompson and Anupriya Tripathi and Zhenjiang Z. Xu and Jesse R. Zaneveld and Qiyun Zhu and J. Gregory Caporaso and Pieter C. Dorrestein},
  title = {Best practices for analysing microbiomes},
  journal = {Nature Reviews Microbiology}
}

@article{Kozich2013,
  title="{Development of a dual-index sequencing strategy and curation pipeline for analyzing amplicon sequence data on the MiSeq Illumina sequencing platform}",
  author={Kozich, James J and Westcott, Sarah L and Baxter, Nielson T and Highlander, Sarah K and Schloss, Patrick D},
  journal={Applied and environmental microbiology},
  volume={79},
  number={17},
  pages={5112--5120},
  year={2013},
  publisher={Am Soc Microbiol}
}

@article{Lesniak2022,
  doi = {10.1128/mbio.01364-22},
  url = {https://doi.org/10.1128/mbio.01364-22},
  year = {2022},
  month = aug,
  publisher = {American Society for Microbiology},
  volume = {13},
  number = {4},
  pages = {e01364-22},
  author = {Nicholas A. Lesniak and Sarah Tomkovich and Andrew Henry and Ana Taylor and Joanna Colovas and Lucas Bishop and Kathryn McBride and Patrick D. Schloss},
  editor = {Claire M. Fraser},
  title = {Diluted Fecal Community Transplant Restores Clostridioides difficile Colonization Resistance to Antibiotic-Perturbed Murine Communities},
  journal = {{mBio}}
}

@article{LevyBooth2018,
  doi = {10.1038/s41396-018-0334-3},
  url = {https://doi.org/10.1038/s41396-018-0334-3},
  year = {2018},
  month = dec,
  publisher = {Springer Science and Business Media {LLC}},
  volume = {13},
  number = {4},
  pages = {950--963},
  author = {David J. Levy-Booth and Ian J. W. Giesbrecht and Colleen T. E. Kellogg and Thierry J. Heger and David V. D'Amore and Patrick J. Keeling and Steven J. Hallam and William W. Mohn},
  title = {Seasonal and ecohydrological regulation of active microbial populations involved in {DOC},  {CO}2,  and {CH}4 fluxes in temperate rainforest soil},
  journal = {The {ISME} Journal}
}

@article{Li2015,
  doi = {10.1007/s00248-015-0673-9},
  url = {https://doi.org/10.1007/s00248-015-0673-9},
  year = {2015},
  month = sep,
  publisher = {Springer Science and Business Media {LLC}},
  volume = {71},
  number = {2},
  pages = {409--421},
  author = {Qing Li and E. Patrick Heist and Luke A. Moe},
  title = {Bacterial Community Structure and Dynamics During Corn-Based Bioethanol Fermentation},
  journal = {Microbial Ecology}
}

@article{McDonald2018,
  doi = {10.1128/msystems.00031-18},
  url = {https://doi.org/10.1128/msystems.00031-18},
  year = {2018},
  month = may,
  publisher = {American Society for Microbiology},
  volume = {3},
  number = {3},
  author = {Daniel McDonald and Embriette Hyde and Justine W. Debelius and James T. Morton and Antonio Gonzalez and Gail Ackermann and Alexander A. Aksenov and Bahar Behsaz and Caitriona Brennan and Yingfeng Chen and Lindsay DeRight Goldasich and Pieter C. Dorrestein and Robert R. Dunn and Ashkaan K. Fahimipour and James Gaffney and Jack A. Gilbert and Grant Gogul and Jessica L. Green and Philip Hugenholtz and Greg Humphrey and Curtis Huttenhower and Matthew A. Jackson and Stefan Janssen and Dilip V. Jeste and Lingjing Jiang and Scott T. Kelley and Dan Knights and Tomasz Kosciolek and Joshua Ladau and Jeff Leach and Clarisse Marotz and Dmitry Meleshko and Alexey V. Melnik and Jessica L. Metcalf and Hosein Mohimani and Emmanuel Montassier and Jose Navas-Molina and Tanya T. Nguyen and Shyamal Peddada and Pavel Pevzner and Katherine S. Pollard and Gholamali Rahnavard and Adam Robbins-Pianka and Naseer Sangwan and Joshua Shorenstein and Larry Smarr and Se Jin Song and Timothy Spector and Austin D. Swafford and Varykina G. Thackray and Luke R. Thompson and Anupriya Tripathi and Yoshiki V{\'{a}}zquez-Baeza and Alison Vrbanac and Paul Wischmeyer and Elaine Wolfe and Qiyun Zhu and Rob Knight and Allison E. Mann and Amnon Amir and Angel Frazier and Cameron Martino and Carlito Lebrilla and Catherine Lozupone and Cecil M. Lewis and Charles Raison and Chi Zhang and Christian L. Lauber and Christina Warinner and Christopher A. Lowry and Chris Callewaert and Cinnamon Bloss and Dana Willner and Daniela Domingos Galzerani and David J. Gonzalez and David A. Mills and Deepak Chopra and Dirk Gevers and Donna Berg-Lyons and Dorothy D. Sears and Doug Wendel and Elijah Lovelace and Emily Pierce and Emily TerAvest and Evan Bolyen and Frederic D. Bushman and Gary D. Wu and George M. Church and Gordon Saxe and Hanna D. Holscher and Ivo Ugrina and J. Bruce German and J. Gregory Caporaso and Jacob M. Wozniak and Jacqueline Kerr and Jacques Ravel and James D. Lewis and Jan S. Suchodolski and Janet K. Jansson and Jarrad T. Hampton-Marcell and Jason Bobe and Jeroen Raes and John H. Chase and Jonathan A. Eisen and Jonathan Monk and Jose C. Clemente and Joseph Petrosino and Julia Goodrich and Julia Gauglitz and Julian Jacobs and Karsten Zengler and Kelly S. Swanson and Kim Lewis and Kris Mayer and Kyle Bittinger and Lindsay Dillon and Livia S. Zaramela and Lynn M. Schriml and Maria G. Dominguez-Bello and Marta M. Jankowska and Martin Blaser and Meg Pirrung and Michael Minson and Mike Kurisu and Nadim Ajami and Neil R. Gottel and Nicholas Chia and Noah Fierer and Owen White and Patrice D. Cani and Pawel Gajer and Philip Strandwitz and Purna Kashyap and Rachel Dutton and Rachel S. Park and Ramnik J. Xavier and Robert H. Mills and Rosa Krajmalnik-Brown and Ruth Ley and Sarah M. Owens and Scott Klemmer and S{\'{e}}bastien Matamoros and Siavash Mirarab and Stephanie Moorman and Susan Holmes and Tara Schwartz and Tifani W. Eshoo-Anton and Tim Vigers and Vineet Pandey and Will Van Treuren and Xin Fang and Zhenjiang Zech Xu and Alan Jarmusch and Justin Geier and Nicolai Reeve and Ricardo Silva and Evguenia Kopylova and Dominic Nguyen and Karenina Sanders and Rodolfo Antonio Salido Benitez and Arthur Cole Heale and Max Abramson and J{\'{e}}r{\^{o}}me Waldisp\"{u}hl and Alexander Butyaev and Chris Drogaris and Elena Nazarova and Madeleine Ball and Beau Gunderson},
  editor = {Casey S. Greene},
  title = {American Gut: an Open Platform for Citizen Science Microbiome Research},
  journal = {{mSystems}}
}

@article{Masella2012,
  doi = {10.1186/1471-2105-13-31},
  url = {https://doi.org/10.1186/1471-2105-13-31},
  year = {2012},
  publisher = {Springer Science and Business Media {LLC}},
  volume = {13},
  number = {1},
  pages = {31},
  author = {Andre P Masella and Andrea K Bartram and Jakub M Truszkowski and Daniel G Brown and Josh D Neufeld},
  title = {{PANDAseq}: paired-end assembler for illumina sequences},
  journal = {{BMC} Bioinformatics}
}

@article{Morris2013,
  doi = {10.1164/rccm.201210-1913oc},
  url = {https://doi.org/10.1164/rccm.201210-1913oc},
  year = {2013},
  month = may,
  publisher = {American Thoracic Society},
  volume = {187},
  number = {10},
  pages = {1067--1075},
  author = {Alison Morris and James M. Beck and Patrick D. Schloss and Thomas B. Campbell and Kristina Crothers and Jeffrey L. Curtis and Sonia C. Flores and Andrew P. Fontenot and Elodie Ghedin and Laurence Huang and Kathleen Jablonski and Eric Kleerup and Susan V. Lynch and Erica Sodergren and Homer Twigg and Vincent B. Young and Christine M. Bassis and Arvind Venkataraman and Thomas M. Schmidt and George M. Weinstock},
  title = {Comparison of the Respiratory Microbiome in Healthy Nonsmokers and Smokers},
  journal = {American Journal of Respiratory and Critical Care Medicine}
}

@article{Nearing2022,
  doi = {10.1038/s41467-022-28034-z},
  url = {https://doi.org/10.1038/s41467-022-28034-z},
  year = {2022},
  month = jan,
  publisher = {Springer Science and Business Media {LLC}},
  volume = {13},
  number = {1},
  pages = {342},
  author = {Jacob T. Nearing and Gavin M. Douglas and Molly G. Hayes and Jocelyn MacDonald and Dhwani K. Desai and Nicole Allward and Casey M. A. Jones and Robyn J. Wright and Akhilesh S. Dhanani and Andr{\'{e}} M. Comeau and Morgan G. I. Langille},
  title = {Microbiome differential abundance methods produce different results across 38 datasets},
  journal = {Nature Communications}
}

@article{Reeder2009,
  doi = {10.1038/nmeth0909-636},
  url = {https://doi.org/10.1038/nmeth0909-636},
  year = {2009},
  month = sep,
  publisher = {Springer Science and Business Media {LLC}},
  volume = {6},
  number = {9},
  pages = {636--637},
  author = {Jens Reeder and Rob Knight},
  title = {The {\textquotesingle}rare biosphere{\textquotesingle}: a reality check},
  journal = {Nature Methods}
}

@article{Reid2011,
  title={The rare biosphere},
  author={Reid, Ann and Buckley, Merry},
  year={2011},
  publisher={American Society of Microbiology}
}

@article{Schloss2009,
  doi = {10.1128/aem.01541-09},
  url = {http://dx.doi.org/10.1128/AEM.01541-09},
  year  = {2009},
  month = {oct},
  publisher = {American Society for Microbiology},
  volume = {75},
  number = {23},
  pages = {7537--7541},
  author = {P. D. Schloss and S. L. Westcott and T. Ryabin and J. R. Hall and M. Hartmann and E. B. Hollister and R. A. Lesniewski and B. B. Oakley and D. H. Parks and C. J. Robinson and J. W. Sahl and B. Stres and G. G. Thallinger and D. J. Van Horn and C. F. Weber},
  title = {Introducing mothur: Open-Source,  Platform-Independent,  Community-Supported Software for Describing and Comparing Microbial Communities},
  journal = {Applied and Environmental Microbiology}
}

@article{Schloss2011,
  doi = {10.1371/journal.pone.0027310},
  url = {https://doi.org/10.1371/journal.pone.0027310},
  year = {2011},
  month = dec,
  publisher = {Public Library of Science ({PLoS})},
  volume = {6},
  number = {12},
  pages = {e27310},
  author = {Patrick D. Schloss and Dirk Gevers and Sarah L. Westcott},
  editor = {Jack Anthony Gilbert},
  title = {Reducing the Effects of {PCR} Amplification and Sequencing Artifacts on 16S {rRNA}-Based Studies},
  journal = {{PLoS} {ONE}}
}

@article{Schloss2018,
  doi = {10.1128/mbio.00525-18},
  url = {https://doi.org/10.1128/mbio.00525-18},
  year = {2018},
  month = jun,
  publisher = {American Society for Microbiology},
  volume = {9},
  number = {3},
  author = {Patrick D. Schloss},
  editor = {Jacques Ravel},
  title = {Identifying and Overcoming Threats to Reproducibility,  Replicability,  Robustness,  and Generalizability in Microbiome Research},
  journal = {{mBio}}
}

@article{Schloss2023rare,
  doi = {Pending at bioRxiv},
  year = {2023},
  month = jun,
  publisher = {Cold Spring Harbor Laboratory},
  author = {Patrick D. Schloss},
  title = {Rarefaction is currently the best approach to control for uneven sequencing effort in amplicon sequence analyses},
  journal = {bio{R}xiv}
}

@article{Schloss2023wnwn,
  doi = {Pending at bioRxiv},
  year = {2023},
  month = jun,
  publisher = {Cold Spring Harbor Laboratory},
  author = {Patrick D. Schloss},
  title = {Waste not, want not: Revisiting the analysis that called into question the practice of rarefaction},
  journal = {bio{R}xiv}
}

@article{Schubert2014,
  doi = {10.1128/mbio.01021-14},
  url = {https://doi.org/10.1128/mbio.01021-14},
  year = {2014},
  month = jul,
  publisher = {American Society for Microbiology},
  volume = {5},
  number = {3},
  pages = {01021-14},
  author = {Alyxandria M. Schubert and Mary A. M. Rogers and Cathrin Ring and Jill Mogle and Joseph P. Petrosino and Vincent B. Young and David M. Aronoff and Patrick D. Schloss},
  editor = {Claire M. Fraser},
  title = {Microbiome Data Distinguish Patients with Clostridium difficile Infection and Non-C. difficile-Associated Diarrhea from Healthy Controls},
  journal = {{mBio}}
}

@article{Sogin2006,
  doi = {10.1073/pnas.0605127103},
  url = {https://doi.org/10.1073/pnas.0605127103},
  year = {2006},
  month = jul,
  publisher = {Proceedings of the National Academy of Sciences},
  volume = {103},
  number = {32},
  pages = {12115--12120},
  author = {M. L. Sogin and H. G. Morrison and J. A. Huber and D. M. Welch and S. M. Huse and P. R. Neal and J. M. Arrieta and G. J. Herndl},
  title = {Microbial diversity in the deep sea and the underexplored "rare biosphere"},
  journal = {Proceedings of the National Academy of Sciences}
}

@article{Sze2019,
  doi = {10.1128/msphere.00163-19},
  url = {https://doi.org/10.1128/msphere.00163-19},
  year = {2019},
  month = jun,
  publisher = {American Society for Microbiology},
  volume = {4},
  number = {3},
  pages = {00163-19},
  author = {Marc A. Sze and Patrick D. Schloss},
  editor = {Katherine McMahon},
  title = {The Impact of {DNA} Polymerase and Number of Rounds of Amplification in {PCR} on 16S {rRNA} Gene Sequence Data},
  journal = {{mSphere}}
}

@article{Thompson2017,
  doi = {10.1038/nature24621},
  url = {https://doi.org/10.1038/nature24621},
  year = {2017},
  month = nov,
  publisher = {Springer Science and Business Media {LLC}},
  volume = {551},
  number = {7681},
  pages = {457--463},
  author = {Luke R. Thompson and   and Jon G. Sanders and Daniel McDonald and Amnon Amir and Joshua Ladau and Kenneth J. Locey and Robert J. Prill and Anupriya Tripathi and Sean M. Gibbons and Gail Ackermann and Jose A. Navas-Molina and Stefan Janssen and Evguenia Kopylova and Yoshiki V{\'{a}}zquez-Baeza and Antonio Gonz{\'{a}}lez and James T. Morton and Siavash Mirarab and Zhenjiang Zech Xu and Lingjing Jiang and Mohamed F. Haroon and Jad Kanbar and Qiyun Zhu and Se Jin Song and Tomasz Kosciolek and Nicholas A. Bokulich and Joshua Lefler and Colin J. Brislawn and Gregory Humphrey and Sarah M. Owens and Jarrad Hampton-Marcell and Donna Berg-Lyons and Valerie McKenzie and Noah Fierer and Jed A. Fuhrman and Aaron Clauset and Rick L. Stevens and Ashley Shade and Katherine S. Pollard and Kelly D. Goodwin and Janet K. Jansson and Jack A. Gilbert and Rob Knight},
  title = {A communal catalogue reveals Earth's multiscale microbial diversity},
  journal = {Nature}
}

@article{Westcott2017,
  doi = {10.1128/mspheredirect.00073-17},
  url = {https://doi.org/10.1128/mspheredirect.00073-17},
  year = {2017},
  month = mar,
  publisher = {American Society for Microbiology},
  volume = {2},
  number = {2},
  author = {Sarah L. Westcott and Patrick D. Schloss},
  editor = {Katherine McMahon},
  title = {{OptiClust},  an Improved Method for Assigning Amplicon-Based Sequence Data to Operational Taxonomic Units},
  journal = {{mSphere}}
}
